<?xml version="1.0" encoding="UTF-8"?>
  <record xmlns="http://www.loc.gov/MARC21/slim" type="Authority">
    <leader>00000nz  a2200000oc 4500</leader>
    <controlfield tag="001">124638511</controlfield>
    <controlfield tag="003">DE-101</controlfield>
    <controlfield tag="005">20170531114429.0</controlfield>
    <controlfield tag="008">030506n||aznnnaabn           | aaa    |c</controlfield>
    <datafield tag="024" ind1="7" ind2=" ">
      <subfield code="a">124638511</subfield>
      <subfield code="0">http://d-nb.info/gnd/124638511</subfield>
      <subfield code="2">gnd</subfield>
    </datafield>
    <datafield tag="035" ind1=" " ind2=" ">
      <subfield code="a">(DE-101)124638511</subfield>
    </datafield>
    <datafield tag="035" ind1=" " ind2=" ">
      <subfield code="a">(DE-588)124638511</subfield>
    </datafield>
    <datafield tag="035" ind1=" " ind2=" ">
      <subfield code="z">(DE-588a)124638511</subfield>
      <subfield code="9">v:zg</subfield>
    </datafield>
    <datafield tag="040" ind1=" " ind2=" ">
      <subfield code="a">DE-23</subfield>
      <subfield code="c">DE-23</subfield>
      <subfield code="9">r:DE-601</subfield>
      <subfield code="b">ger</subfield>
      <subfield code="d">0547</subfield>
    </datafield>
    <datafield tag="042" ind1=" " ind2=" ">
      <subfield code="a">gnd3</subfield>
    </datafield>
    <datafield tag="043" ind1=" " ind2=" ">
      <subfield code="c">XA-DE</subfield>
    </datafield>
    <datafield tag="075" ind1=" " ind2=" ">
      <subfield code="b">p</subfield>
      <subfield code="2">gndgen</subfield>
    </datafield>
    <datafield tag="075" ind1=" " ind2=" ">
      <subfield code="b">piz</subfield>
      <subfield code="2">gndspec</subfield>
    </datafield>
    <datafield tag="079" ind1=" " ind2=" ">
      <subfield code="a">g</subfield>
      <subfield code="q">a</subfield>
      <subfield code="q">f</subfield>
      <subfield code="u">v</subfield>
    </datafield>
    <datafield tag="100" ind1="1" ind2=" ">
      <subfield code="a">Musaeus, Paul</subfield>
      <subfield code="d">1562-1614</subfield>
    </datafield>
    <datafield tag="400" ind1="1" ind2=" ">
      <subfield code="a">Musäus, Paul</subfield>
      <subfield code="d">1562-1614</subfield>
    </datafield>
    <datafield tag="400" ind1="1" ind2=" ">
      <subfield code="a">Musaeus, Paulus</subfield>
      <subfield code="d">1562-1614</subfield>
    </datafield>
    <datafield tag="400" ind1="1" ind2=" ">
      <subfield code="a">Musoeus, Paul</subfield>
      <subfield code="d">1562-1614</subfield>
    </datafield>
    <datafield tag="400" ind1="1" ind2=" ">
      <subfield code="a">Musoeus, Paulus</subfield>
      <subfield code="d">1562-1614</subfield>
    </datafield>
    <datafield tag="400" ind1="1" ind2=" ">
      <subfield code="a">Meusel, Paul</subfield>
      <subfield code="d">1562-1614</subfield>
    </datafield>
    <datafield tag="500" ind1="1" ind2=" ">
      <subfield code="0">(DE-101)117187984</subfield>
      <subfield code="0">(DE-588)117187984</subfield>
      <subfield code="0">https://d-nb.info/gnd/117187984</subfield>
      <subfield code="a">Musäus, Simon</subfield>
      <subfield code="d">1529-1576</subfield>
      <subfield code="4">bezf</subfield>
      <subfield code="4">https://d-nb.info/standards/elementset/gnd#familialRelationship</subfield>
      <subfield code="w">r</subfield>
      <subfield code="i">Beziehung familiaer</subfield>
      <subfield code="e">Beziehung familiaer</subfield>
      <subfield code="9">v:Vater</subfield>
    </datafield>
    <datafield tag="500" ind1="1" ind2=" ">
      <subfield code="a">Hoffmann, Daniel</subfield>
      <subfield code="4">beza</subfield>
      <subfield code="4">https://d-nb.info/standards/elementset/gnd#acquaintanceshipOrFriendship</subfield>
      <subfield code="w">r</subfield>
      <subfield code="i">Bekanntschaft</subfield>
      <subfield code="e">Bekanntschaft</subfield>
      <subfield code="9">v:VD-16 Mitverf.</subfield>
    </datafield>
    <datafield tag="500" ind1="1" ind2=" ">
      <subfield code="a">Olearius, Johannes</subfield>
      <subfield code="4">beza</subfield>
      <subfield code="4">https://d-nb.info/standards/elementset/gnd#acquaintanceshipOrFriendship</subfield>
      <subfield code="w">r</subfield>
      <subfield code="i">Bekanntschaft</subfield>
      <subfield code="e">Bekanntschaft</subfield>
      <subfield code="9">v:VD-16 Mitverf.</subfield>
    </datafield>
    <datafield tag="548" ind1=" " ind2=" ">
      <subfield code="a">1562-1614</subfield>
      <subfield code="4">datl</subfield>
      <subfield code="4">https://d-nb.info/standards/elementset/gnd#dateOfBirthAndDeath</subfield>
      <subfield code="w">r</subfield>
      <subfield code="i">Lebensdaten</subfield>
    </datafield>
    <datafield tag="550" ind1=" " ind2=" ">
      <subfield code="0">(DE-101)041325923</subfield>
      <subfield code="0">(DE-588)4132592-8</subfield>
      <subfield code="0">https://d-nb.info/gnd/4132592-8</subfield>
      <subfield code="a">Pfarrer</subfield>
      <subfield code="4">berc</subfield>
      <subfield code="4">https://d-nb.info/standards/elementset/gnd#professionOrOccupation</subfield>
      <subfield code="w">r</subfield>
      <subfield code="i">Charakteristischer Beruf</subfield>
    </datafield>
    <datafield tag="550" ind1=" " ind2=" ">
      <subfield code="0">(DE-101)041841107</subfield>
      <subfield code="0">(DE-588)4184110-4</subfield>
      <subfield code="0">https://d-nb.info/gnd/4184110-4</subfield>
      <subfield code="a">Superintendent</subfield>
      <subfield code="4">beru</subfield>
      <subfield code="4">https://d-nb.info/standards/elementset/gnd#professionOrOccupation</subfield>
      <subfield code="w">r</subfield>
      <subfield code="i">Beruf</subfield>
    </datafield>
    <datafield tag="550" ind1=" " ind2=" ">
      <subfield code="0">(DE-101)946521409</subfield>
      <subfield code="0">(DE-588)4398098-3</subfield>
      <subfield code="0">https://d-nb.info/gnd/4398098-3</subfield>
      <subfield code="a">Generalsuperintendent</subfield>
      <subfield code="4">beru</subfield>
      <subfield code="4">https://d-nb.info/standards/elementset/gnd#professionOrOccupation</subfield>
      <subfield code="w">r</subfield>
      <subfield code="i">Beruf</subfield>
    </datafield>
    <datafield tag="551" ind1=" " ind2=" ">
      <subfield code="0">(DE-101)04028557X</subfield>
      <subfield code="0">(DE-588)4028557-1</subfield>
      <subfield code="0">https://d-nb.info/gnd/4028557-1</subfield>
      <subfield code="a">Jena</subfield>
      <subfield code="4">ortg</subfield>
      <subfield code="4">https://d-nb.info/standards/elementset/gnd#placeOfBirth</subfield>
      <subfield code="w">r</subfield>
      <subfield code="i">Geburtsort</subfield>
    </datafield>
    <datafield tag="551" ind1=" " ind2=" ">
      <subfield code="0">(DE-101)040668320</subfield>
      <subfield code="0">(DE-588)4066832-0</subfield>
      <subfield code="0">https://d-nb.info/gnd/4066832-0</subfield>
      <subfield code="a">Wolfenbüttel</subfield>
      <subfield code="4">ortw</subfield>
      <subfield code="4">https://d-nb.info/standards/elementset/gnd#placeOfActivity</subfield>
      <subfield code="w">r</subfield>
      <subfield code="i">Wirkungsort</subfield>
    </datafield>
    <datafield tag="667" ind1=" " ind2=" ">
      <subfield code="a">HBZ</subfield>
    </datafield>
    <datafield tag="667" ind1=" " ind2=" ">
      <subfield code="a">VD-17</subfield>
    </datafield>
    <datafield tag="667" ind1=" " ind2=" ">
      <subfield code="a">VD-16</subfield>
    </datafield>
    <datafield tag="670" ind1=" " ind2=" ">
      <subfield code="a">Seebaß: Die Pastoren der Ev.-Luth. Landeskirche Braunschweig-Wolfenbüttel</subfield>
    </datafield>
    <datafield tag="672" ind1=" " ind2="0">
      <subfield code="a">Kurtze Erklerung Des vierten Capitels Daniels ... - ca. 1613</subfield>
    </datafield>
    <datafield tag="672" ind1=" " ind2="0">
      <subfield code="a">Hoffmann, Daniel: DISPVTATIO III. DE PECCATO ORIGINIS, QVOD NON SIT SVBSTANTIA, SEV RES PER SE ...  1581.  (VD16 H 4152)</subfield>
    </datafield>
    <datafield tag="672" ind1=" " ind2="0">
      <subfield code="a">Hoffmann, Daniel: DISPVTATIO IIII. DE PECCATO ORIGINIS. Colligens EX DOCTRINA DE IMAGINE DEI, ET ...  1581.  (VD16 H 4153)</subfield>
    </datafield>
    <datafield tag="672" ind1=" " ind2="0">
      <subfield code="a">Hoffmann, Daniel: DISPVTATIO PRIMA De PECCATO ORIGINIS, QVOD NON SIT SVBSTANTIA, SEV RES PER SE ...  1580.  (VD16 H 4150)</subfield>
    </datafield>
    <datafield tag="672" ind1=" " ind2="0">
      <subfield code="a">Musaeus, Paul: Leichpredigt Bey der Begrebnis des Weilandt Ehrnuesten Erbarn vnd Vorsichtigen Heinrich ...  1595.  (VD16 M 7108)</subfield>
    </datafield>
    <datafield tag="672" ind1=" " ind2="0">
      <subfield code="a">Musaeus, Paul: Leichpredigt Bey der Begrebnis des Weilandt Ehrnuesten Erbarn vnd Vorsichtigen Heinrich ...  1595.  (VD16 M 7109)</subfield>
    </datafield>
    <datafield tag="672" ind1=" " ind2="0">
      <subfield code="a">Olearius, Johannes: II. DISPVTATIO DE INCARNATIONE VERbi, quae est \=Gelenktikē\=g aduersus Anabaptistas. QVA ...  1581.  (VD16 O 633)</subfield>
    </datafield>
    <datafield tag="678" ind1=" " ind2=" ">
      <subfield code="b">Dt. ev. Theologe; Konsistorialrat und Generalsuperintendent in Wolfenbüttel</subfield>
    </datafield>
    <datafield tag="913" ind1=" " ind2=" ">
      <subfield code="S">pnd</subfield>
      <subfield code="i">a</subfield>
      <subfield code="a">Musaeus, Paul</subfield>
      <subfield code="0">(DE-588a)124638511</subfield>
    </datafield>
  </record>
